% Generated by Paperpile. Check out https://paperpile.com for more information.
% BibTeX export options can be customized via Settings -> BibTeX.

@MISC{noauthor_undated-ev,
  title        = "Try Our Suite of Open-Source Tools",
  booktitle    = "Metrum Research Group",
  abstract     = "MetrumRG makes a suite of open source tools available as
                  free, open-source software under GPL.",
  howpublished = "\url{https://metrumrg.com/try-open-source-tools/}",
  note         = "Accessed: 2022-9-27",
  keywords     = "expo-acop2022",
  language     = "en"
}

@INPROCEEDINGS{Baron2021-ft,
  title           = "pmtables: {TeX} tables for pharmacometrics",
  booktitle       = "Population Approach Group Europe Annual Meeting;",
  author          = "Baron, Kyle T and Pastoor, Devin and Nevison, Anna and
                     Kay, Katherine and Gastonguay, Marc R",
  abstract        = "TeX tables for pharmacometrics.",
  month           =  sep,
  year            =  2021,
  keywords        = "expo-acop2022",
  language        = "en",
  location        = "Viirtual"
}

@MISC{noauthor_2022-fh,
  title    = "Metrum Research Group organization on {GitHub}.
              https://github.com/metrumresearchgroup",
  abstract = "Metrum Research Group has 123 repositories available. Follow
              their code on GitHub.",
  year     =  2022,
  keywords = "expo-acop2022",
  language = "en"
}
